@book{ abelson-et-al:scheme,
  author = "Harold Abelson and Gerald~Jay Sussman and Julie Sussman",
  title = "Structure and Interpretation of Computer Programs",
  publisher = "MIT Press",
  address = "Cambridge, Massachusetts",
  year = "1985"
}

@inproceedings{ bgf:Lixto,
  author = "Robert Baumgartner and Georg Gottlob and Sergio Flesca",
  title = "Visual Information Extraction with {Lixto}",
  booktitle = "Proceedings of the 27th International Conference on Very Large Databases",
  pages = "119--128",
  publisher = "Morgan Kaufmann",
  address = "Rome, Italy",
  month = "September",
  year = "2001"
}

@article{ brachman-schmolze:kl-one,
  author = "Ronald~J. Brachman and James~G. Schmolze",
  title = "An overview of the {KL-ONE} knowledge representation system",
  journal = "Cognitive Science",
  volume = "9",
  number = "2",
  pages = "171--216",
  month = "April--June",
  year = "1985"
}

@article{ gottlob:nonmon,
  author = "Georg Gottlob",
  title = "Complexity results for nonmonotonic logics",
  journal = "Journal of Logic and Computation",
  volume = "2",
  number = "3",
  pages = "397--425",
  month = "June",
  year = "1992"
}

@article{ gls:hypertrees,
  author = "Georg Gottlob and Nicola Leone and Francesco Scarcello",
  title = "Hypertree Decompositions and Tractable Queries",
  journal = "Journal of Computer and System Sciences",
  volume = "64",
  number = "3",
  pages = "579--627",
  month = "May",
  year = "2002"
}

@article{ levesque:functional-foundations,
  author = "Hector~J. Levesque",
  title = "Foundations of a functional approach to knowledge representation",
  journal = "Artificial Intelligence",
  volume = "23",
  number = "2",
  pages = "155--212",
  month = "July",
  year = "1984"
}

@inproceedings{ levesque:belief,
  author = "Hector~J. Levesque",
  title = "A logic of implicit and explicit belief",
  booktitle = "Proceedings of the Fourth National Conference on Artificial Intelligence",
  publisher = "American Association for Artificial Intelligence",
  pages = "198--202",
  address = "Austin, Texas",
  month = "August",
  year = "1984"
}

@article{ nebel:jair-2000,
  author = "Bernhard Nebel",
  title = "On the compilability and expressive power of propositional planning formalisms",
  journal = "Journal of Artificial Intelligence Research",
  volume = "12",
  pages = "271--315",
  year = "2000"
}

 @misc{proceedings,
  author = {{IJCAI Proceedings}},
  title = {{IJCAI} Camera Ready Submission},
  howpublished = {\url{https://proceedings.ijcai.org/info}},
}


@inproceedings{ DBLP:conf/aaai/GuoWWWG18,
  author    = {Shu Guo and
               Quan Wang and
               Lihong Wang and
               Bin Wang and
               Li Guo},
  title     = {Knowledge Graph Embedding With Iterative Guidance From Soft Rules},
  booktitle = {Proceedings of the Thirty-Second {AAAI} Conference on Artificial Intelligence,
               (AAAI-18), the 30th innovative Applications of Artificial Intelligence
               (IAAI-18), and the 8th {AAAI} Symposium on Educational Advances in
               Artificial Intelligence (EAAI-18), New Orleans, Louisiana, USA, February
               2-7, 2018},
  pages     = {4816--4823},
  year      = {2018},
  crossref  = {DBLP:conf/aaai/2018},
  url       = {https://www.aaai.org/ocs/index.php/AAAI/AAAI18/paper/view/16369},
  timestamp = {Tue, 23 Oct 2018 06:42:15 +0200},
  biburl    = {https://dblp.org/rec/bib/conf/aaai/GuoWWWG18},
  bibsource = {dblp computer science bibliography, https://dblp.org}
}


@inproceedings{ DBLP:conf/iccv/LiWZK17,
  author    = {Junnan Li and
               Yongkang Wong and
               Qi Zhao and
               Mohan S. Kankanhalli},
  title     = {Dual-Glance Model for Deciphering Social Relationships},
  booktitle = {{IEEE} International Conference on Computer Vision, {ICCV} 2017, Venice,
               Italy, October 22-29, 2017},
  pages     = {2669--2678},
  year      = {2017},
  crossref  = {DBLP:conf/iccv/2017},
  url       = {https://doi.org/10.1109/ICCV.2017.289},
  doi       = {10.1109/ICCV.2017.289},
  timestamp = {Thu, 11 Jan 2018 13:21:37 +0100},
  biburl    = {https://dblp.org/rec/bib/conf/iccv/LiWZK17},
  bibsource = {dblp computer science bibliography, https://dblp.org}
}


@inproceedings{ DBLP:conf/ijcai/WangWG15,
  author    = {Quan Wang and
               Bin Wang and
               Li Guo},
  title     = {Knowledge Base Completion Using Embeddings and Rules},
  booktitle = {Proceedings of the Twenty-Fourth International Joint Conference on
               Artificial Intelligence, {IJCAI} 2015, Buenos Aires, Argentina, July
               25-31, 2015},
  pages     = {1859--1866},
  year      = {2015},
  crossref  = {DBLP:conf/ijcai/2015},
  url       = {http://ijcai.org/Abstract/15/264},
  timestamp = {Wed, 04 Jul 2018 17:50:31 +0200},
  biburl    = {https://dblp.org/rec/bib/conf/ijcai/WangWG15},
  bibsource = {dblp computer science bibliography, https://dblp.org}
}


@inproceedings{ DBLP:conf/ijcai/WangCRYCL18,
  author    = {Zhouxia Wang and
               Tianshui Chen and
               Jimmy S. J. Ren and
               Weihao Yu and
               Hui Cheng and
               Liang Lin},
  title     = {Deep Reasoning with Knowledge Graph for Social Relationship Understanding},
  booktitle = {Proceedings of the Twenty-Seventh International Joint Conference on
               Artificial Intelligence, {IJCAI} 2018, July 13-19, 2018, Stockholm,
               Sweden.},
  pages     = {1021--1028},
  year      = {2018},
  crossref  = {DBLP:conf/ijcai/2018},
  url       = {https://doi.org/10.24963/ijcai.2018/142},
  doi       = {10.24963/ijcai.2018/142},
  timestamp = {Sat, 28 Jul 2018 14:39:21 +0200},
  biburl    = {https://dblp.org/rec/bib/conf/ijcai/WangCRYCL18},
  bibsource = {dblp computer science bibliography, https://dblp.org}
}